@article{ plrelation,
	author = {{Breuval, Louise} and {Kervella, Pierre} and {Anderson, Richard I.} and {Riess, Adam G.} and {Arenou, Fr\'ed\'eric} and {Trahin, Boris} and {M\'erand, Antoine} and {Gallenne, Alexandre} and {Gieren, Wolfgang} and {Storm, Jesper} and {Bono, Giuseppe} and {Pietrzy\'{}nski, Grzegorz} and {Nardetto, Nicolas} and {Javanmardi, Behnam} and {Hocd\'e, Vincent}},
	title = {The Milky Way Cepheid Leavitt law based on Gaia DR2 parallaxes of companion stars and host open cluster populations},
	DOI= "10.1051/0004-6361/202038633",
	url= "https://doi.org/10.1051/0004-6361/202038633",
	journal = {A\&A},
	year = 2020,
	volume = 643,
	pages = "A115",
}
@misc{vsx,
  title={VSX},
  author={American Association of Variable Star Observers (AAVSO)},
  howpublished={\url{https://www.aavso.org/vsx/index.php?view=detail.top&oid=133744}}
}
@misc{simbad,
  title={SIMBAD},
  author={Université de Strasbourg/CNRS},
  howpublished={\url{https://simbad.u-strasbg.fr/simbad/sim-id?Ident=%402772110&Name=V*+V471+Vul}}
}
@misc{gaia,
  title={Vizier GAIA DR3},
  author={Université de Strasbourg/CNRS},
  howpublished={\url{https://vizier.cds.unistra.fr/viz-bin/VizieR-5?-ref=VIZ63ee97ab39561&-out.add=.&-source=I/358/vcep&recno=60&-out.orig=o}}
}